@article{bian2020bending,
  title={Bending models of lipid bilayer membranes: Spontaneous curvature and area-difference elasticity},
  author={Bian, Xin and Litvinov, Sergey and Koumoutsakos, Petros},
  journal={Computer Methods in Applied Mechanics and Engineering},
  volume={359},
  pages={112758},
  year={2020},
  publisher={Elsevier}
}

@article{alexeev2019mirheo,
  title={Mirheo: High-Performance Mesoscale Simulations for Microfluidics},
  author={Alexeev, Dmitry and Amoudruz, Lucas and Litvinov, Sergey and Koumoutsakos, Petros},
  journal={arXiv preprint arXiv:1911.04712},
  year={2019}
}

@inproceedings{karnakov2019high,
  title={A High Performance Computing Framework for Multiphase, Turbulent Flows on Structured Grids},
  author={Karnakov, Petr and Wermelinger, Fabian and Chatzimanolakis, Michail and Litvinov, Sergey and Koumoutsakos, Petros},
  booktitle={Proceedings of the Platform for Advanced Scientific Computing Conference},
  pages={17},
  year={2019},
  organization={ACM}
}

@article{karnakov2019hybrid,
  title={A hybrid particle volume-of-fluid method for multiphase flows with surface tension},
  author={Karnakov, Petr and Litvinov, Sergey and Koumoutsakos, Petros},
  journal={arXiv preprint arXiv:1906.00314},
  year={2019}
}

@article{hashemi2019versatile,
  title={A versatile and membrane-less electrochemical reactor for the electrolysis of water and brine},
  author={Hashemi, S Mohammad H and Karnakov, Petr and Hadikhani, Pooria and Chinello, Enrico and Litvinov, Sergey and Moser, Christophe and Koumoutsakos, Petros and Psaltis, Demetri},
  journal={Energy \& Environmental Science},
  volume={12},
  number={5},
  pages={1592--1604},
  year={2019},
  publisher={Royal Society of Chemistry}
}